<?xml version="1.0" encoding="UTF-8"?>
<OAI-PMH xmlns="http://www.openarchives.org/OAI/2.0/" xmlns:xsi="http://www.w3.org/2001/XMLSchema-instance" xsi:schemaLocation="http://www.openarchives.org/OAI/2.0/ http://www.openarchives.org/OAI/2.0/OAI-PMH.xsd">
<ListRecords>
<record>
<header status="updated">
<identifier>urm_publish:71277274030002121</identifier>
</header>
<metadata>
<record xmlns="http://www.loc.gov/MARC21/slim" xmlns:xsi="http://www.w3.org/2001/XMLSchema-instance" xsi:schemaLocation="http://www.loc.gov/MARC21/slim http://www.loc.gov/standards/marcxml/schema/MARC21slim.xsd" ><leader>01047cam a2200325 i 4500</leader><controlfield tag="005">20100929132104.0</controlfield><controlfield tag="008">771208t19771977xx            00000 eng  </controlfield><controlfield tag="001">999496515702121</controlfield><datafield tag="010" ind1=" " ind2=" "><subfield code="a">   76005527 </subfield></datafield><datafield tag="020" ind1=" " ind2=" "><subfield code="a">0060135735 :</subfield><subfield code="c">$20.00</subfield></datafield><datafield tag="035" ind1=" " ind2=" "><subfield code="a">(OCoLC)03472070</subfield></datafield><datafield tag="035" ind1=" " ind2=" "><subfield code="9">ABH1902UW</subfield></datafield><datafield tag="035" ind1=" " ind2=" "><subfield code="a">(WU)303092-uwmadisondb</subfield></datafield><datafield tag="040" ind1=" " ind2=" "><subfield code="a">DLC</subfield><subfield code="b">eng</subfield><subfield code="c">CPL</subfield><subfield code="d">CPL</subfield><subfield code="d">WIH</subfield></datafield><datafield tag="050" ind1="0" ind2=" "><subfield code="a">HT123</subfield><subfield code="b">.R53 1977</subfield></datafield><datafield tag="082" ind1=" " ind2=" "><subfield code="a">301.36'3'0973</subfield></datafield><datafield tag="100" ind1="1" ind2=" "><subfield code="a">Rifkind, Carole.</subfield><subfield code="2">LCNAMES</subfield><subfield code="0">41-LIBRARY_OF_CONGRESS-n  84216267</subfield><subfield code="9">Y</subfield></datafield><datafield tag="245" ind1="1" ind2="0"><subfield code="a">Main street :</subfield><subfield code="b">the face of urban America /</subfield><subfield code="c">by Carole Rifkind.</subfield></datafield><datafield tag="264" ind1=" " ind2="1"><subfield code="a">New York :</subfield><subfield code="b">Harper &amp; Row,</subfield><subfield code="c">[1977]</subfield></datafield><datafield tag="264" ind1=" " ind2="4"><subfield code="c">©1977</subfield></datafield><datafield tag="300" ind1=" " ind2=" "><subfield code="a">xiii, 267 pages :</subfield><subfield code="b">illustrations ;</subfield><subfield code="c">26 cm</subfield></datafield><datafield tag="336" ind1=" " ind2=" "><subfield code="a">text</subfield><subfield code="b">txt</subfield><subfield code="2">rdacontent</subfield></datafield><datafield tag="337" ind1=" " ind2=" "><subfield code="a">unmediated</subfield><subfield code="b">n</subfield><subfield code="2">rdamedia</subfield></datafield><datafield tag="338" ind1=" " ind2=" "><subfield code="a">volume</subfield><subfield code="b">nc</subfield><subfield code="2">rdacarrier</subfield></datafield><datafield tag="500" ind1=" " ind2=" "><subfield code="a">Includes index.</subfield></datafield><datafield tag="504" ind1=" " ind2=" "><subfield code="a">Bibliography: pages 258-264.</subfield></datafield><datafield tag="650" ind1=" " ind2="0"><subfield code="a">Cities and towns</subfield><subfield code="z">United States</subfield><subfield code="x">History.</subfield><subfield code="2">LCSH</subfield><subfield code="0">41-LIBRARY_OF_CONGRESS-sh2008100834</subfield><subfield code="9">Y</subfield></datafield><datafield tag="650" ind1=" " ind2="0"><subfield code="a">Cities and towns</subfield><subfield code="z">United States</subfield><subfield code="v">Pictorial works.</subfield><subfield code="2">LCSH</subfield><subfield code="0">41-LIBRARY_OF_CONGRESS-sh 85026130</subfield><subfield code="9">Y</subfield></datafield><datafield tag="650" ind1=" " ind2="0"><subfield code="a">City and town life</subfield><subfield code="z">United States</subfield><subfield code="x">History.</subfield><subfield code="2">LCSH</subfield><subfield code="0">41-LIBRARY_OF_CONGRESS-sh2009119876</subfield><subfield code="9">Y</subfield></datafield><datafield tag="997" ind1=" " ind2=" "><subfield code="a">MARCIVE</subfield></datafield><datafield tag="650" ind1=" " ind2="0"><subfield code="a">Global cities</subfield><subfield code="2">LCSH</subfield><subfield code="0">41-LIBRARY_OF_CONGRESS-sh 85026130</subfield><subfield code="9">N</subfield></datafield><datafield tag="650" ind1=" " ind2="0"><subfield code="a">Municipalities</subfield><subfield code="2">LCSH</subfield><subfield code="0">41-LIBRARY_OF_CONGRESS-sh 85026130</subfield><subfield code="9">N</subfield></datafield><datafield tag="650" ind1=" " ind2="0"><subfield code="a">Towns</subfield><subfield code="2">LCSH</subfield><subfield code="0">41-LIBRARY_OF_CONGRESS-sh 85026130</subfield><subfield code="9">N</subfield></datafield><datafield tag="650" ind1=" " ind2="0"><subfield code="a">Urban areas</subfield><subfield code="2">LCSH</subfield><subfield code="0">41-LIBRARY_OF_CONGRESS-sh 85026130</subfield><subfield code="9">N</subfield></datafield><datafield tag="650" ind1=" " ind2="0"><subfield code="a">Urban systems</subfield><subfield code="2">LCSH</subfield><subfield code="0">41-LIBRARY_OF_CONGRESS-sh 85026130</subfield><subfield code="9">N</subfield></datafield><datafield tag="650" ind1=" " ind2="0"><subfield code="w">g</subfield><subfield code="a">Human settlements</subfield><subfield code="2">LCSH</subfield><subfield code="0">41-LIBRARY_OF_CONGRESS-sh 85026130</subfield><subfield code="9">R</subfield></datafield><datafield tag="650" ind1=" " ind2="0"><subfield code="a">Sociology, Urban</subfield><subfield code="2">LCSH</subfield><subfield code="0">41-LIBRARY_OF_CONGRESS-sh 85026130</subfield><subfield code="9">R</subfield></datafield><datafield tag="INST" ind1=" " ind2=" "><subfield code="a">01UWI_NETWORK</subfield><subfield code="b">P</subfield><subfield code="c">71277274030002121</subfield></datafield><datafield tag="INST" ind1=" " ind2=" "><subfield code="a">01UWI_LC</subfield><subfield code="b">P</subfield><subfield code="c">21102317500002125</subfield></datafield><datafield tag="INST" ind1=" " ind2=" "><subfield code="a">01UWI_MAD</subfield><subfield code="b">P</subfield><subfield code="c">21483017520002122</subfield></datafield><datafield tag="INST" ind1=" " ind2=" "><subfield code="a">01UWI_ML</subfield><subfield code="b">P</subfield><subfield code="c">21190968960002124</subfield></datafield><datafield tag="INST" ind1=" " ind2=" "><subfield code="a">01UWI_RF</subfield><subfield code="b">P</subfield><subfield code="c">2158293230002129</subfield></datafield><datafield tag="INST" ind1=" " ind2=" "><subfield code="a">01UWI_EC</subfield><subfield code="b">P</subfield><subfield code="c">21104241010002134</subfield></datafield><datafield tag="INST" ind1=" " ind2=" "><subfield code="a">01UWI_OSH</subfield><subfield code="b">P</subfield><subfield code="c">2175318510002126</subfield></datafield><datafield tag="AVA" ind1=" " ind2=" "><subfield code="0">99529073402125</subfield><subfield code="8">22102317490002125</subfield><subfield code="a">01UWI_LC</subfield><subfield code="b">LAXMUR</subfield><subfield code="c">2nd Floor Stacks</subfield><subfield code="d">HT123 .R53</subfield><subfield code="e">available</subfield><subfield code="f">1</subfield><subfield code="g">0</subfield><subfield code="j">stax</subfield><subfield code="k">0</subfield><subfield code="p">1</subfield><subfield code="q">UW La Crosse Murphy Library</subfield></datafield><datafield tag="AVA" ind1=" " ind2=" "><subfield code="0">993030923602122</subfield><subfield code="8">22483017500002122</subfield><subfield code="a">01UWI_MAD</subfield><subfield code="b">WHSLIBRARY</subfield><subfield code="c">Stacks</subfield><subfield code="d">HT123 R53 1977 2</subfield><subfield code="e">unavailable</subfield><subfield code="f">1</subfield><subfield code="g">1</subfield><subfield code="j">stk</subfield><subfield code="k">0</subfield><subfield code="p">1</subfield><subfield code="q">Wisconsin Historical Society Library</subfield></datafield><datafield tag="AVA" ind1=" " ind2=" "><subfield code="0">99911943402124</subfield><subfield code="8">22190968950002124</subfield><subfield code="a">01UWI_ML</subfield><subfield code="b">MIL</subfield><subfield code="c">Stacks</subfield><subfield code="d">HT123 R53 1977</subfield><subfield code="e">available</subfield><subfield code="f">1</subfield><subfield code="g">0</subfield><subfield code="j">stk</subfield><subfield code="k">0</subfield><subfield code="p">1</subfield><subfield code="q">UW Milwaukee</subfield></datafield><datafield tag="AVA" ind1=" " ind2=" "><subfield code="0">99346583602129</subfield><subfield code="8">2258293220002129</subfield><subfield code="a">01UWI_RF</subfield><subfield code="b">RF</subfield><subfield code="c">Main Collection</subfield><subfield code="d">HT123 .R53 1977</subfield><subfield code="e">available</subfield><subfield code="f">1</subfield><subfield code="g">0</subfield><subfield code="j">stacks</subfield><subfield code="k">0</subfield><subfield code="p">1</subfield><subfield code="q">Chalmer Davee Library</subfield></datafield><datafield tag="AVA" ind1=" " ind2=" "><subfield code="0">99790993402134</subfield><subfield code="8">22104241000002134</subfield><subfield code="a">01UWI_EC</subfield><subfield code="b">UWEC</subfield><subfield code="c">Main Collection 4th Floor</subfield><subfield code="d">HT123 .R53 1977</subfield><subfield code="e">available</subfield><subfield code="f">1</subfield><subfield code="g">0</subfield><subfield code="j">stacks4</subfield><subfield code="k">0</subfield><subfield code="p">1</subfield><subfield code="q">UW-Eau Claire McIntyre Library</subfield></datafield><datafield tag="AVA" ind1=" " ind2=" "><subfield code="0">991857983502126</subfield><subfield code="8">2275318500002126</subfield><subfield code="a">01UWI_OSH</subfield><subfield code="b">OSH</subfield><subfield code="c">Books (A-E 2nd South, F-PN 2nd North, PQ-Z 3rd North)</subfield><subfield code="d">HT123 .R53 1977</subfield><subfield code="e">available</subfield><subfield code="f">1</subfield><subfield code="g">0</subfield><subfield code="j">main</subfield><subfield code="k">0</subfield><subfield code="p">1</subfield><subfield code="q">Polk Library</subfield></datafield><datafield tag="MMS" ind1=" " ind2=" "><subfield code="b">999496515702121</subfield><subfield code="a">01UWI_NETWORK</subfield></datafield><datafield tag="MMS" ind1=" " ind2=" "><subfield code="b">99529073402125</subfield><subfield code="a">01UWI_LC</subfield></datafield><datafield tag="MMS" ind1=" " ind2=" "><subfield code="b">993030923602122</subfield><subfield code="a">01UWI_MAD</subfield></datafield><datafield tag="MMS" ind1=" " ind2=" "><subfield code="b">99911943402124</subfield><subfield code="a">01UWI_ML</subfield></datafield><datafield tag="MMS" ind1=" " ind2=" "><subfield code="b">99346583602129</subfield><subfield code="a">01UWI_RF</subfield></datafield><datafield tag="MMS" ind1=" " ind2=" "><subfield code="b">99790993402134</subfield><subfield code="a">01UWI_EC</subfield></datafield><datafield tag="MMS" ind1=" " ind2=" "><subfield code="b">991857983502126</subfield><subfield code="a">01UWI_OSH</subfield></datafield></record>
</metadata>
</record>
</ListRecords>
</OAI-PMH>